%% This BibTeX bibliography file was created using BibDesk.
%% http://bibdesk.sourceforge.net/


%% Created for sPooKee at 2014-06-26 21:04:27 +0200 


%% Saved with string encoding Unicode (UTF-8) 



@url{BSY,
	Author = {DSR Management, Inc.},
	Date-Added = {2014-06-26 19:00:40 +0000},
	Date-Modified = {2014-06-26 19:04:21 +0000},
	Lastchecked = {26.06.2014},
	Read = {0},
	Title = {Bit Synchronization on Controller Area Network (CAN) Bus},
	Bdsk-Url-1 = {http://www.dsrminc.com/whitepaper/bit_synchronization_on_controller_area_network__rev_1_.pdf},
	Bdsk-File-1 = {YnBsaXN0MDDUAQIDBAUGJCVYJHZlcnNpb25YJG9iamVjdHNZJGFyY2hpdmVyVCR0b3ASAAGGoKgHCBMUFRYaIVUkbnVsbNMJCgsMDxJXTlMua2V5c1pOUy5vYmplY3RzViRjbGFzc6INDoACgAOiEBGABIAFgAdccmVsYXRpdmVQYXRoWWFsaWFzRGF0YV8QQHBhcGVyL2JpdF9zeW5jaHJvbml6YXRpb25fb25fY29udHJvbGxlcl9hcmVhX25ldHdvcmtfX3Jldl8xXy5wZGbSFwsYGVdOUy5kYXRhTxECPgAAAAACPgACAAADaUhEAAAAAAAAAAAAAAAAAAAAAAAAAAAAAAAAzzJpdEgrAAAApAxaH2JpdF9zeW5jaHJvbml6YXRpb25fI0E0MEM0My5wZGYAAAAAAAAAAAAAAAAAAAAAAAAAAAAAAAAAAAAAAAAAAACkDEPP0jqwUERGIENBUk8AAQADAAAJIAAAAAAAAAAAAAAAAAAAAAVwYXBlcgAAEAAIAADPMltkAAAAEQAIAADP0h6QAAAAAQAcAKQMWgCha2QAfUFFAH1BMgB9M8sABiJXAAJkSwACAFtpSEQ6VXNlcnM6AHNwb29rZWU6AFNlYWZpbGU6AE1hc3Rlci1UVVdpZW46AENOOgBMYWI6AHBhcGVyOgBiaXRfc3luY2hyb25pemF0aW9uXyNBNDBDNDMucGRmAAAOAHYAOgBiAGkAdABfAHMAeQBuAGMAaAByAG8AbgBpAHoAYQB0AGkAbwBuAF8AbwBuAF8AYwBvAG4AdAByAG8AbABsAGUAcgBfAGEAcgBlAGEAXwBuAGUAdAB3AG8AcgBrAF8AXwByAGUAdgBfADEAXwAuAHAAZABmAA8ACAADAGkASABEABIAa1VzZXJzL3Nwb29rZWUvU2VhZmlsZS9NYXN0ZXItVFVXaWVuL0NOL0xhYi9wYXBlci9iaXRfc3luY2hyb25pemF0aW9uX29uX2NvbnRyb2xsZXJfYXJlYV9uZXR3b3JrX19yZXZfMV8ucGRmAAATAAEvAAAVAAIADv//AACABtIbHB0eWiRjbGFzc25hbWVYJGNsYXNzZXNdTlNNdXRhYmxlRGF0YaMdHyBWTlNEYXRhWE5TT2JqZWN00hscIiNcTlNEaWN0aW9uYXJ5oiIgXxAPTlNLZXllZEFyY2hpdmVy0SYnVHJvb3SAAQAIABEAGgAjAC0AMgA3AEAARgBNAFUAYABnAGoAbABuAHEAcwB1AHcAhACOANEA1gDeAyADIgMnAzIDOwNJA00DVANdA2IDbwNyA4QDhwOMAAAAAAAAAgEAAAAAAAAAKAAAAAAAAAAAAAAAAAAAA44=}}

@url{MAN,
	Author = {rn-wissen.de},
	Date-Added = {2014-06-26 18:48:05 +0000},
	Date-Modified = {2014-06-26 18:48:43 +0000},
	Lastchecked = {26.06.2014},
	Title = {Manchester Codierung},
	Urldate = {11.10.2009},
	Bdsk-Url-1 = {http://www.rn-wissen.de/index.php/Manchester-_Codierung}}

@url{NRZ,
	Author = {Wikipedia},
	Date-Added = {2014-06-26 18:37:18 +0000},
	Date-Modified = {2014-06-26 18:37:47 +0000},
	Lastchecked = {26.06.2014},
	Title = {Non Return to Zero},
	Urldate = {20.01.2014},
	Bdsk-Url-1 = {http://de.wikipedia.org/wiki/Non_Return_to_Zero}}

@url{VEC,
	Author = {Vector Informatik GmbH},
	Date-Added = {2014-06-22 10:39:05 +0000},
	Date-Modified = {2014-06-22 10:39:36 +0000},
	Lastchecked = {22.06.2014},
	Title = {Einf{\"u}hrung in CAN},
	Bdsk-Url-1 = {https://elearning.vector.com/index.php?seite=vl_can_introduction_de&root=376493&wbt_ls_kapitel_id=504193&wbt_ls_seite_id=504213&d=yes}}

@url{KFZ,
	Author = {H. Huppertz},
	Date-Added = {2014-06-22 10:21:04 +0000},
	Date-Modified = {2014-06-22 10:21:52 +0000},
	Lastchecked = {22.06.2014},
	Title = {CAN-Bus 1 (Vor-/Nachteile)},
	Bdsk-Url-1 = {http://www.kfz-tech.de/CAN-Bus.htm}}

@url{WI1,
	Abstract = {Der CAN-Bus (Controller Area Network) ist ein serielles Bussystem und geh{\"o}rt zu den Feldbussen.},
	Author = {Wikipedia},
	Date-Added = {2014-06-21 15:24:52 +0000},
	Date-Modified = {2014-06-21 15:26:11 +0000},
	Lastchecked = {21.06.2014},
	Title = {Controller Area Network},
	Urldate = {14.06.2014},
	Bdsk-Url-1 = {http://de.wikipedia.org/wiki/Controller_Area_Network}}

@url{CBM,
	Annote = {http://rs232-rs485.blogspot.co.at/2009/11/can-bus-message-frames-overload.html},
	Date-Added = {2014-06-21 14:40:15 +0000},
	Date-Modified = {2014-06-21 15:10:29 +0000},
	Lastchecked = {20.06.2014},
	Title = {CAN BUS MESSAGE FRAMES - Overload Frame,Interframe Space},
	Urldate = {18.11.2009},
	Bdsk-Url-1 = {http://rs232-rs485.blogspot.co.at/2009/11/can-bus-message-frames-overload.html}}

@url{HYC,
	Abstract = {In this post I will report about my experiences and studies about vehicle electronics.},
	Annote = {http://marco.guardigli.it/2010/10/hacking-your-car.html},
	Author = {Marco Guardigli},
	Date-Added = {2014-06-21 14:36:56 +0000},
	Date-Modified = {2014-06-21 15:10:21 +0000},
	Lastchecked = {20.06.2014},
	Read = {0},
	Title = {Hacking Your Car},
	Urldate = {04.10.2010},
	Bdsk-Url-1 = {http://marco.guardigli.it/2010/10/hacking-your-car.html}}
